<?xml version="1.0" encoding="UTF-8"?><collection xmlns="http://www.loc.gov/MARC21/slim"><record><leader>00348nam--2200145-i-4500</leader><controlfield tag="001">000013526</controlfield><controlfield tag="002">20161230</controlfield><controlfield tag="005">20170305190429</controlfield><controlfield tag="008">060222s1000------------r-----000-0-eng-d</controlfield><datafield ind1=" " ind2=" " tag="100"><subfield code="a">Curtis, Morton L</subfield></datafield><datafield ind1=" " ind2=" " tag="245"><subfield code="a">Matrix groups</subfield></datafield><datafield ind1=" " ind2=" " tag="260"><subfield code="a">New York</subfield><subfield code="b">Springer-verlag</subfield><subfield code="c">1979</subfield></datafield><datafield ind1=" " ind2=" " tag="300"><subfield code="a">191 p</subfield></datafield><datafield ind1=" " ind2=" " tag="852"><subfield code="a">512.54</subfield><subfield code="c">512</subfield></datafield><datafield ind1=" " ind2=" " tag="CAT"><subfield code="a">SYS</subfield><subfield code="c">20170305</subfield><subfield code="h">190429</subfield></datafield></record></collection>